<record><leader>00000cas a22000007a 4500</leader><controlfield tag="001">18885943</controlfield><controlfield tag="008">881212d18871887nyudn ne      0    0eng d</controlfield><datafield ind1=" " ind2=" " tag="010"><subfield code="a">sn 88075832 </subfield></datafield><datafield ind1=" " ind2=" " tag="040"><subfield code="a">NYG</subfield><subfield code="b">eng</subfield><subfield code="c">NYG</subfield><subfield code="d">MGN</subfield><subfield code="d">NYS</subfield><subfield code="d">NYG</subfield><subfield code="d">OCLCQ</subfield></datafield><datafield ind1=" " ind2=" " tag="042"><subfield code="a">msc</subfield></datafield><datafield ind1="0" ind2=" " tag="130"><subfield code="a">Brooklyn daily union (Brooklyn, New York, N.Y. : 1887)</subfield></datafield><datafield ind1="1" ind2="0" tag="245"><subfield code="a">Brooklyn daily union.</subfield></datafield><datafield ind1=" " ind2=" " tag="260"><subfield code="a">Brooklyn, N.Y. :</subfield><subfield code="b">[s.n.]</subfield></datafield><datafield ind1=" " ind2=" " tag="300"><subfield code="a">v.</subfield></datafield><datafield ind1=" " ind2=" " tag="310"><subfield code="a">Daily (except Sun.)</subfield></datafield><datafield ind1="0" ind2=" " tag="362"><subfield code="a">Vol. 24, no. 160 (Feb. 14, 1887)-v. 24, no. 219 (Apr. 23, 1887).</subfield></datafield><datafield ind1=" " ind2="4" tag="651"><subfield code="a">New York (N.Y.)</subfield><subfield code="v">Newspapers.</subfield></datafield><datafield ind1=" " ind2="4" tag="651"><subfield code="a">Brooklyn (New York, N.Y.)</subfield><subfield code="v">Newspapers.</subfield></datafield><datafield ind1=" " ind2=" " tag="752"><subfield code="a">United States</subfield><subfield code="b">New York</subfield><subfield code="c">New York</subfield><subfield code="d">New York.</subfield></datafield><datafield ind1=" " ind2=" " tag="752"><subfield code="a">United States</subfield><subfield code="b">New York</subfield><subfield code="c">Kings</subfield><subfield code="d">Brooklyn.</subfield></datafield><datafield ind1="0" ind2="0" tag="780"><subfield code="t">Brooklyn union (Brooklyn, N.Y. : 1883)</subfield><subfield code="w">(DLC)sn 88073000</subfield></datafield><datafield ind1="0" ind2="7" tag="785"><subfield code="t">Brooklyn daily standard (Brooklyn, N.Y. : 1885)</subfield><subfield code="w">(DLC)sn 93059199</subfield></datafield><datafield ind1="0" ind2="7" tag="785"><subfield code="t">Standard union (Brooklyn, N.Y.)</subfield><subfield code="w">(DLC)sn 83030768</subfield></datafield><datafield ind1="1" ind2=" " tag="029"><subfield code="a">AU@</subfield><subfield code="b">000020538712</subfield></datafield></record>